<record><leader>00000cas a22000007a 4500</leader><controlfield tag="001">19773479</controlfield><controlfield tag="008">890527c19859999njudr ne      0    0eng d</controlfield><datafield ind1=" " ind2=" " tag="010"><subfield code="a">sn 88071131 </subfield></datafield><datafield ind1=" " ind2=" " tag="040"><subfield code="a">NJW</subfield><subfield code="b">eng</subfield><subfield code="c">NJW</subfield><subfield code="d">OCLCQ</subfield></datafield><datafield ind1=" " ind2=" " tag="042"><subfield code="a">msc</subfield></datafield><datafield ind1="0" ind2="0" tag="245"><subfield code="a">North Jersey advance.</subfield></datafield><datafield ind1=" " ind2=" " tag="260"><subfield code="a">Roxbury Township [N.J.] :</subfield><subfield code="b">Passaic Newspapers, Inc.,</subfield><subfield code="c">1985-</subfield></datafield><datafield ind1=" " ind2=" " tag="310"><subfield code="a">Daily</subfield></datafield><datafield ind1="0" ind2=" " tag="362"><subfield code="a">Vol. 82, no. 134 (Aug. 14, 1985)-</subfield></datafield><datafield ind1=" " ind2=" " tag="500"><subfield code="a">"Serving Morris, Sussex and Warren Counties."</subfield></datafield><datafield ind1=" " ind2=" " tag="752"><subfield code="a">United States</subfield><subfield code="b">New Jersey</subfield><subfield code="c">Morris</subfield><subfield code="d">Roxbury.</subfield></datafield><datafield ind1=" " ind2=" " tag="752"><subfield code="a">United States</subfield><subfield code="b">New Jersey</subfield><subfield code="c">Sussex.</subfield></datafield><datafield ind1=" " ind2=" " tag="752"><subfield code="a">United States</subfield><subfield code="b">New Jersey</subfield><subfield code="c">Warren.</subfield></datafield><datafield ind1="0" ind2="0" tag="780"><subfield code="t">Daily advance (Dover, N.J. : 1965)</subfield><subfield code="w">(DLC)sn 88071134</subfield></datafield></record>